<?xml version="1.0" encoding="UTF-8"?><record xmlns="http://www.loc.gov/MARC21/slim" xmlns:cinclude="http://apache.org/cocoon/include/1.0" xmlns:zs="http://www.loc.gov/zing/srw/">
  <leader>00422cz  a2200121n  4500</leader>
  <controlfield tag="001">n  81038198 </controlfield>
  <controlfield tag="003">DLC</controlfield>
  <controlfield tag="005">20141208094756.0</controlfield>
  <controlfield tag="008">810429n| azannaab           |n aaa     c</controlfield>
  <datafield tag="010" ind1=" " ind2=" ">
    <subfield code="a">n  81038198 </subfield>
  </datafield>
  <datafield tag="040" ind1=" " ind2=" ">
    <subfield code="a">Mt</subfield>
    <subfield code="b">eng</subfield>
    <subfield code="e">rda</subfield>
    <subfield code="c">DLC</subfield>
    <subfield code="d">DLC</subfield>
  </datafield>
  <datafield tag="100" ind1="1" ind2=" ">
    <subfield code="a">Zackheim, Hugh S.</subfield>
  </datafield>
  <datafield tag="670" ind1=" " ind2=" ">
    <subfield code="a">His Habitat characteristics of bobcat, Canada lynx, and river otter (distributional ecology of the river otter in Montana), 1980:</subfield>
    <subfield code="b">t.p. (Hugh S. Zackheim)</subfield>
  </datafield>
</record>